@inproceedings{pg:zheng2015flu,
    author={Wang, Zheng and Chakraborty, Prithwish and Mekaru, Sumiko R. 
        and Brownstein, John S. and Ye, Jieping and Ramakrishnan, Naren},
    title={{Dynamic Poisson Autoregression for Influenza-Like-Illness Case 
        Count Prediction}},
    booktitle={Proceedings of the 21th ACM SIGKDD International Conference on Knowledge Discovery and Data Mining},
    _series={KDD '15},
    month={08},
    year={2015},
    pages={1285--1294},
    publisher={ACM}
} 

@inproceedings{pg:pejman2015noisy,
  title={{Time Series Forecasting via Noisy Channel Reversal}},
  author={Khadivi, Pejman and Chakraborty, Prithwish and Tandon, Ravi 
      and Ramakrishnan, Naren},
  booktitle={Machine Learning for Signal Processing (MLSP), 
      2015 IEEE 25th International Workshop on},
  pages={1--6},
  year={2015},
  organization={IEEE}
}

@misc{pg:hao2015senegal,
    author={Hao Wu and Prithwish Chakraborty and Saurav Ghosh and Naren 
    Ramakrishnan},
    title={{Forecasting Influenza in Senegal with Call Detail Records}},
    note={NETMOB 2015},
    month={04},
    year={2015},
}

@inproceedings{sdm14:matrix,
  author    = {Prithwish Chakraborty and
               Pejman Khadivi and
               Bryan Lewis and
               Aravindan Mahendiran and
               Jiangzhuo Chen and
               Patrick Butler and
               Elaine O. Nsoesie and
               Sumiko R. Mekaru and
               John S. Brownstein and
               Madhav V. Marathe and
               Naren Ramakrishnan},
  title     = {{Forecasting a Moving Target: Ensemble Models for {ILI} Case Count
               Predictions}},
  booktitle = {Proceedings of the 2014 {SIAM} International Conference on Data Mining,
               Philadelphia, Pennsylvania, USA, April 24-26, 2014},
  year      = {2014},
  pages     = {262--270},
  url       = {http://dx.doi.org/10.1137/1.9781611973440.30},
  doi       = {10.1137/1.9781611973440.30},
  timestamp = {Sun, 12 Oct 2014 19:04:59 +0200},
  biburl    = {http://dblp.uni-trier.de/rec/bib/conf/sdm/ChakrabortyKLMCBNMBMR14},
  bibsource = {dblp computer science bibliography, http://dblp.org}
}

@inproceedings{pg:butler2012deshredder,
  title={{The Deshredder: A visual analytic approach to reconstructing shredded documents}},
  author={Butler, Patrick and Chakraborty, Prithwish and Ramakrishan, Naren},
  booktitle={Visual Analytics Science and Technology (VAST), 2012 IEEE Conference on},
  pages={113--122},
  year={2012},
  organization={IEEE}
}


@inproceedings{pg:chakraborty2012fine,
  title={{Fine-Grained Photovoltaic Output Prediction Using a Bayesian Ensemble}},
  author={Chakraborty, Prithwish and Marwah, Manish and Arlitt, Martin and Ramakrishnan, Naren},
  booktitle={Twenty-Sixth AAAI Conference on Artificial Intelligence},
	url = {https://www.aaai.org/ocs/index.php/AAAI/AAAI12/paper/view/5163},
  pages={online},
  year={2012}
}

