@unpublished{up:saurav2015ecml,
    author={Saurav Ghosh and Prithwish Chakraborty and Elaine O. Nsoesie
        and Sumiko R Mekaru and John S Brownstein and 
            Naren Ramakrishnan},
    title={{Are News Reports Predictive of trends in Infectious Disease 
        Outbreaks? A Spatio-temporal Topic Modeling Analysis}},
    year={2015},
    note={to be submitted},
}

@unpublished{up:farzaneh2015plos,
    author={Farzaneh Sadat Tabataba and Prithwish Chakraborty and 
        Naren Ramakrishnan and Madhav Marathe and Jiangzhuo Chen
        and Bryan Lewis},
    title={{Standard Measures and Quality Metrics for Evaluating the Performance
        of Forecasting Methods: Special Study on Influenza in US}},
    year={2015},
    note={to be submitted},
}

@unpublished{up:prithwis2015hcpd,
    author={Prithwish Chakraborty and Sathappan Muthiah and Ravi Tandon and
        Naren Ramakrishnan},
    title={{Hierarchial Quickest Event Detection via Surrogates}},
    year={2015},
    note={to be submitted},
}

@unpublished{up:prithwish2015howflu,
    author={Prithwish Chakraborty and Bryan Lewis and Stephen Eubank and Madhav
       Marathe and John Brownstein and Naren Ramakrishnan},
    title={{How not to forecast the flu}},
    year={2015},
    note={to be submitted},
}

