@misc{vtip:alert,
  title={{Alert Generation from Multiple Streams}},
  author={Butler, Patrick and Muthiah, Sathappan and Ramakrishnan, Naren},
  year={2016},
  note={VTIP 17-047}
}
