@article{ug:chakraborty2012dynamic,
  title={{Dynamic economic dispatch using harmony search algorithm with modified
      differential mutation operator}},
  author={Chakraborty, Prithwish and Roy, Gourab Ghosh and Panigrahi, BK and 
      Bansal, RC and Mohapatra, Ankita},
  journal={Electrical Engineering},
  volume={94},
  number={4},
  pages={197--205},
  year={2012},
  publisher={Springer-Verlag}
}

@article{ug:gandhi2012discrete,
  title={{Discrete harmony search based expert model for epileptic seizure 
      detection in electroencephalography}},
  author={Gandhi, Tapan Kumar and Chakraborty, Prithwish and Roy, 
      Gourab Ghosh and Panigrahi, Bijay Ketan},
  journal={Expert Systems with Applications},
  volume={39},
  number={4},
  pages={4055--4062},
  year={2012},
  publisher={Pergamon}
}


@article{ug:roy2011design,
  title={Design of non-uniform circular antenna arrays using a modified 
      invasive weed optimization algorithm},
  author={Roy, Gourab Ghosh and Das, Swagatam and Chakraborty, Prithwish 
      and Suganthan, Ponnuthurai N},
  journal={Antennas and Propagation, IEEE Transactions on},
  volume={59},
  number={1},
  pages={110--118},
  year={2011},
  publisher={IEEE}
}

@article{ug:chakraborty2011convergence,
  title={On convergence of the multi-objective particle swarm optimizers},
  author={Chakraborty, Prithwish and Das, Swagatam and Roy, Gourab Ghosh 
      and Abraham, Ajith},
  journal={Information Sciences},
  volume={181},
  number={8},
  pages={1411--1425},
  year={2011},
  publisher={Elsevier}
}

@article{ug:roy2010designing,
  title={Designing fractional-order {PI$^\lambda$D$^\mu$} controller using 
      differential harmony search algorithm},
  author={Roy, Gourab Ghosh and Chakraborty, Prithwish and Das, Swagatam},
  journal={International Journal of Bio-Inspired Computation},
  volume={2},
  number={5},
  pages={303--309},
  year={2010},
  publisher={Inderscience}
}

@inproceedings{ug:roy2010artificial,
  title={Artificial foraging weeds for global numerical optimization over 
      continuous spaces.},
  author={Roy, Gourab Ghosh and Chakraborty, Prithwish and Zhao, Shi-Zheng and 
      Das, Swagatam and Suganthan, Ponnuthurai Nagaratnam},
  booktitle={IEEE Congress on Evolutionary Computation},
  pages={1--8},
  year={2010}
}

@inproceedings{ug:chakraborty2009population,
  title={On population variance and explorative power of invasive weed 
      optimization algorithm},
  author={Chakraborty, P and Roy, G Ghosh and Das, S and Panigrahi, BK},
  booktitle={Nature \& Biologically Inspired Computing, 2009. NaBIC 2009. 
      World Congress on},
  pages={227--232},
  year={2009},
  organization={IEEE}
}

@inproceedings{ug:roy2009optimal,
  title={On optimal feature selection using modified Harmony search for power quality disturbance classification},
  author={Roy, Gourab Ghosh and Panigrahi, BK and Chakraborty, P and Mallick, Manas Kumar},
  booktitle={Nature \& Biologically Inspired Computing, 2009. NaBIC 2009. World Congress on},
  pages={1355--1360},
  year={2009},
  organization={IEEE}
}

@inproceedings{ug:chakraborty2009automatic,
  title={{Automatic Shape Independent Clustering Inspired By Ant Dynamics}},
  author={Chakraborty, Prithwish and Roy, Gourab Ghosh and Sinha, 
      Spandan and Bose, Soumya and Mondal, Ankur and Das, Swagatam},
  booktitle={The Proceedings of International Workshop on Machine Intelligence Research organized by Machine Intelligence Research Labs},
  pages={64--74},
  year={2009}
}

@article{ug:chakraborty2009improved,
  title={An improved harmony search algorithm with differential mutation 
      operator},
  author={Chakraborty, Prithwish and Roy, Gourab Ghosh and Das, Swagatam and 
      Jain, Dhaval and Abraham, Ajith},
  journal={Fundamenta Informaticae},
  volume={95},
  number={4},
  pages={401--426},
  year={2009},
  publisher={IOS Press}
}

@inproceedings{ug:jain2008fuzzy,
  title={{Fuzzy Entropy-based Object Segmentation with an Inertia-Adaptive PSO}},
  author={Jain, Dhaval and Roy, Gourab Ghosh and Chakraborty, Prithwish and 
      Das, Swagatam},
  booktitle={Advanced Computing and Communications, 2008. ADCOM 2008. 16th 
      International Conference on},
  pages={13--18},
  year={2008},
  organization={IEEE}
}
