@article{chakraborty2016hierarchical,
  title={{Hierarchical Quickest Change Detection via Surrogates}},
  author={Chakraborty, Prithwish and \textbf{S. Muthiah} and Tandon, Ravi and Ramakrishnan, Naren},
  journal={arXiv preprint arXiv:1603.09739},
  year={2016}
}
@inproceedings{kdd:beating-the-news,
  author    = {Naren Ramakrishnan and
               Patrick Butler and
               \textbf{S. Muthiah} and
               Nathan Self and
               others},
  title     = {{`Beating the news' with {EMBERS:} Forecasting Civil Unrest using Open
      Source Indicators}},
  booktitle = {International Conference on Knowledge Discovery
               and Data Mining, {KDD},
               2014},
 _pages     = {1799--1808},
 _year      = {2014},
 _url       = {http://doi.acm.org/10.1145/2623330.2623373},
 _doi       = {10.1145/2623330.2623373},
 _timestamp = {Fri, 22 Apr 2016 19:03:57 +0200},
 _biburl    = {http://dblp.uni-trier.de/rec/bib/conf/kdd/RamakrishnanBMSKSWCVKKMZHCLHSTGKDAZFSFAGM14},
 _bibsource = {dblp computer science bibliography, http://dblp.org}
}
@inproceedings{pp-paper1,
  author    = {\textbf{S. Muthiah} and
               Bert Huang and
               Jaime Arredondo and
               others},
  title     = {{Planned Protest Modeling in News and Social Media}},
  booktitle = {{AAAI} Conference on Artificial Intelligence,
               January 25-30, 2015},
  pages     = {3920--3927},
  year      = {2015},
  _crossref  = {DBLP:conf/aaai/2015},
  url       = {http://www.aaai.org/ocs/index.php/IAAI/IAAI15/paper/view/9652},
  timestamp = {Sun, 12 Apr 2015 15:18:08 +0200},
  biburl    = {http://dblp.uni-trier.de/rec/bib/conf/aaai/MuthiahHAMGKR15},
  bibsource = {dblp computer science bibliography, http://dblp.org}
}

@inproceedings{huso,
  author    = {Dipak K Gupta and
               \textbf{S. Muthiah}  and
               David Mares and
               Naren Ramakrishnan},
  title     = {{Forecasting Civil Strife: An Emerging Methodology}},
  booktitle = {{HUSO} The Third International Conference on Human and Social Analytics},
  year      = {2017}
}


@article{muthiah2016capturing,
  title={Capturing Planned Protests from Open Source Indicators.},
  author={\textbf{S. Muthiah}  and Huang, Bert and Arredondo, Jaime and Mares, David and Getoor, Lise and Katz, Graham and Ramakrishnan, Naren},
  journal={AI Magazine},
  volume={37},
  number={2},
  year={2016}
}

@inproceedings{Ning:2016:MPE:2939672.2939802,
 author = {Ning, Yue and \textbf{S. Muthiah}  and Rangwala, Huzefa and others},
 title = {Modeling Precursors for Event Forecasting via Nested Multi-Instance Learning},
 booktitle = {Proceedings of the 22Nd ACM SIGKDD International Conference on Knowledge Discovery and Data Mining},
 series = {KDD '16},
 _year = {2016},
 _isbn = {978-1-4503-4232-2},
 _location = {San Francisco, California, USA},
 _pages = {1095--1104},
 _numpages = {10},
 _url = {http://doi.acm.org/10.1145/2939672.2939802},
 _doi = {10.1145/2939672.2939802},
 _acmid = {2939802},
 _publisher = {ACM},
 _address = {New York, NY, USA},
 _keywords = {event detection, multi-instance learning, text mining},
} 
@article{doyle2014forecasting,
  title={Forecasting significant societal events using the Embers streaming predictive analytics system},
  author={Doyle, Andy and Katz, Graham and Summers, Kristen and Ackermann, Chris and Zavorin, Ilya and Lim, Zunsik and Muthiah, Sathappan and Butler, Patrick and Self, Nathan and Zhao, Liang and others},
  journal={Big Data},
  volume={2},
  number={4},
  pages={185--195},
  year={2014},
  publisher={Mary Ann Liebert, Inc. 140 Huguenot Street, 3rd Floor New Rochelle, NY 10801 USA}
}

@article{schlachter2015leveraging,
  title={Leveraging topic models to develop metrics for evaluating the quality of narrative threads extracted from news stories},
  author={Schlachter, Jason and Ruvinsky, Alicia and Reynoso, Luis Asencios and \textbf{S. Muthiah} and Ramakrishnan, Naren},
  journal={Procedia Manufacturing},
  volume={3},
  pages={4028--4035},
  year={2015},
  publisher={Elsevier}
}
@inproceedings{ning2015uncovering,
  title={Uncovering news-twitter reciprocity via interaction patterns},
  author={Ning, Yue and \textbf{S. Muthiah}  and Tandon, Ravi and Ramakrishnan, Naren},
  booktitle={Advances in Social Networks Analysis and Mining (ASONAM), 2015 IEEE/ACM International Conference on},
  _pages={1--8},
  year={2015},
  _organization={IEEE}
}
@inproceedings{Muthiah:2016:EYE:2939672.2939709,
 author = {\textbf{S. Muthiah}  and Butler, Patrick and others},
 title = {EMBERS at 4 Years: Experiences Operating an Open Source Indicators Forecasting System},
 booktitle = {Proceedings of the 22Nd ACM SIGKDD International Conference on Knowledge Discovery and Data Mining},
 series = {KDD '16},
 _year = {2016},
 _isbn = {978-1-4503-4232-2},
 _location = {San Francisco, California, USA},
 _pages = {205--214},
 _numpages = {10},
 _url = {http://doi.acm.org/10.1145/2939672.2939709},
 _doi = {10.1145/2939672.2939709},
 _acmid = {2939709},
 _publisher = {ACM},
 _address = {New York, NY, USA},
 _keywords = {civil unrest, event forecasting, open source indicators},
}

@INPROCEEDINGS{deepcas,
author={M. R. {Islam} and \textbf{S. Muthiah} and B. {Adhikari} and B. A. {Prakash} and N. {Ramakrishnan}},
booktitle={2018 IEEE International Conference on Data Mining (ICDM)},
title={DeepDiffuse: Predicting the 'Who' and 'When' in Cascades},
year={2018},
_month={Nov},}

@inproceedings{ning2018crowds,
  title={When do Crowds turn Violent? Uncovering Triggers from Media},
  author={Ning, Yue and \textbf{S. Muthiah} and Ramakrishnan, Naren and Rangwala, Huzefa and Mares, David},
  booktitle={International Conference on Advances in Social Networks Analysis and Mining (ASONAM)},
  year={2018},
  _organization={IEEE}
}

@inproceedings{dyatsIJCAI,
  title     = {DyAt Nets: Dynamic Attention Networks for State Forecasting in Cyber-Physical Systems},
  author    = {Muralidhar, Nikhil and \textbf{S. Muthiah}  and Ramakrishnan, Naren},
  booktitle = {Proceedings of the Twenty-Eighth International Joint Conference on
               Artificial Intelligence, {IJCAI-19}},
  _publisher = {International Joint Conferences on Artificial Intelligence Organization},             
  _pages     = {3180--3186},
  _year      = {2019},
  _month     = {7},
  _doi       = {10.24963/ijcai.2019/441},
  _url       = {https://doi.org/10.24963/ijcai.2019/441},
}
@inproceedings{charACME,
  title={{Multivariate Long-Term State Forecastingin Cyber-Physical Systems: A Sequence to Sequence Approach}},
  author={Muralidhar, Nikhil and Muthiah, Sathappan and Ramakrishnan, Naren},
  booktitle={Under Review ACM E-energy},
  year={2019},
}

@inproceedings{rumorSleuth,
  title={{RumorSleuth: Joint Detection of Rumor Veracityand User Stance}},
  author={Islam, Mohammad Raihanul and \textbf{S. Muthiah}  and Ramakrishnan, Naren},
  booktitle={2019 IEEE/ACM International Conference on Advances in Social Networks Analysis and Mining (ASONAM)},
  year={2019},
  _organization={IEEE}
}

@inproceedings{rumorRite,
  title={{RITE: Rumor Veracity Identification with User Trust Embedding}},
  author={Islam, Mohammad Raihanul and Muthiah, Sathappan and Ramakrishnan, Naren},
  booktitle={Under Review IJCAI},
  year={2019},
}

@inproceedings{nactSeer,
author = {Islam, Mohammad Raihanul and  \textbf{S. Muthiah} and others},
title = {NActSeer: Predicting User Actions in Social Network Using Graph Augmented Neural Network},
year = {2019},
_isbn = {9781450369763},
_publisher = {Association for Computing Machinery},
_address = {New York, NY, USA},
_url = {https://doi.org/10.1145/3357384.3358032},
_doi = {10.1145/3357384.3358032},
booktitle = {Proceedings of the 28th ACM International Conference on Information and Knowledge Management},
_pages = {1793â€“1802},
_numpages = {10},
_keywords = {representation learning, user activity prediction, social network},
_location = {Beijing, China},
series = {CIKM}
}



@article{nikBigData,
  title={Multivariate Long-Term State Forecasting in Cyber-Physical Systems: A Sequence to Sequence Approach},
  author={Muralidhar, Nikhil and \textbf{S. Muthiah}  and Nakayama, Kiyoshi and Ramakrishnan, Naren and Sharma, Ratnesh},
  journal={Big Data},
  _volume={2},
  _number={4},
  _pages={185--195},
  year={2019},
  _publisher={Mary Ann Liebert, Inc. 140 Huguenot Street, 3rd Floor New Rochelle, NY 10801 USA}
}

@inproceedings{prottox,
  title={{ProtTox: Toxin Identification from Protein Sequences}},
  author={\textbf{S. Muthiah}  and Datta, Debanjan and Raihan, Mohammad Islam and Butler, Patrick and Ramakrishnan, Naren and Warren, Andrew},
  booktitle={Machine Learning and Computational Biology (MLCB)},
  year={2019}  
}

