@misc{vtip:alert,
  title={{Alert Generation from Multiple Streams}},
  author={Butler, Patrick and \textbf{S. Muthiah} and others},
  year={2016},
  note={VTIP 17-047}
}
